%% This BibTeX bibliography file was created using BibDesk.
%% https://bibdesk.sourceforge.io/

%% Created for Elizabeth M Wolkovich at 2024-02-25 11:47:19 -0800 


%% Saved with string encoding Unicode (UTF-8) 



@article{servedio2014not,
	author = {Servedio, Maria R and Brandvain, Yaniv and Dhole, Sumit and Fitzpatrick, Courtney L and Goldberg, Emma E and Stern, Caitlin A and Van Cleve, Jeremy and Yeh, D Justin},
	journal = {PLoS biology},
	number = {12},
	pages = {e1002017},
	title = {Not just a theory---the utility of mathematical models in evolutionary biology},
	volume = {12},
	year = {2014}}

@article{Burnham2004,
	author = {Burnham, Kenneth P and Anderson, David R},
	journal = {Sociological methods \& research},
	number = {2},
	pages = {261--304},
	title = {Multimodel inference: understanding AIC and BIC in model selection},
	volume = {33},
	year = {2004}}

@article{Sunnaaker2013,
	author = {Sunn{\aa}ker, Mikael and Busetto, Alberto Giovanni and Numminen, Elina and Corander, Jukka and Foll, Matthieu and Dessimoz, Christophe},
	journal = {PLoS computational biology},
	number = {1},
	pages = {e1002803},
	title = {Approximate bayesian computation},
	volume = {9},
	year = {2013}}

@article{burkner2017brms,
	author = {B{\"u}rkner, Paul-Christian},
	journal = {Journal of statistical software},
	pages = {1--28},
	title = {brms: An R package for Bayesian multilevel models using Stan},
	volume = {80},
	year = {2017}}

@article{kokko2005useful,
	author = {Kokko, Hanna},
	journal = {Journal of evolutionary biology},
	number = {5},
	pages = {1155--1157},
	title = {Useful ways of being wrong},
	volume = {18},
	year = {2005}}

@article{box1976science,
	author = {Box, George EP},
	journal = {Journal of the American Statistical Association},
	pages = {791--799},
	title = {Science and statistics},
	year = {1976}}

@article{esfahani2021bayesian,
	author = {Esfahani, A Ashtari and Betancourt, M and Bogorad, Z and B{\"o}ser, S and Buzinsky, N and Cervantes, R and Claessens, C and De Viveiros, L and Fertl, M and Formaggio, JA and others},
	journal = {Physical Review C},
	number = {6},
	pages = {065501},
	title = {Bayesian analysis of a future $\beta$ decay experiment's sensitivity to neutrino mass scale and ordering},
	volume = {103},
	year = {2021}}

@article{schad2022workflow,
	author = {Schad, Daniel J and Nicenboim, Bruno and B{\"u}rkner, Paul-Christian and Betancourt, Michael and Vasishth, Shravan},
	journal = {Psychological Methods},
	title = {Workflow techniques for the robust use of bayes factors.},
	year = {2022}}

@article{Booth2012,
	author = {Booth, B. B. and Dunstone, N. J. and Halloran, P. R. and Andrews, T. and Bellouin, N.},
	journal = {Nature},
	number = {7393},
	pages = {228-32},
	title = {Aerosols implicated as a prime driver of twentieth-century North Atlantic climate variability},
	volume = {484},
	year = {2012}}

@article{strinella2020potential,
	author = {Strinella, Eliseo and Scridel, Davide and Brambilla, Mattia and Schano, Christian and Korner-Nievergelt, Fr{\"a}nzi},
	journal = {Scientific Reports},
	number = {1},
	pages = {8386},
	title = {Potential sex-dependent effects of weather on apparent survival of a high-elevation specialist},
	volume = {10},
	year = {2020}}

@article{Hurlbert:1984br,
	author = {Hurlbert, S. H.},
	journal = {Ecological Monographs},
	number = {2},
	pages = {187-211},
	title = {Pseudoreplication and the Design of Ecological Field Experiments},
	volume = {54},
	year = {1984}}

@article{low2014rising,
	author = {Low-D{\'e}carie, Etienne and Chivers, Corey and Granados, Monica},
	journal = {Frontiers in Ecology and the Environment},
	number = {7},
	pages = {412--418},
	title = {Rising complexity and falling explanatory power in ecology},
	volume = {12},
	year = {2014}}

@article{jennions2003survey,
	author = {Jennions, Michael D and M{\o}ller, Anders Pape},
	journal = {Behavioral Ecology},
	number = {3},
	pages = {438--445},
	title = {A survey of the statistical power of research in behavioral ecology and animal behavior},
	volume = {14},
	year = {2003}}

@article{muff2022rewriting,
	author = {Muff, Stefanie and Nilsen, Erlend B and O'Hara, Robert B and Nater, Chlo{\'e} R},
	journal = {Trends in ecology \& evolution},
	number = {3},
	pages = {203--210},
	title = {Rewriting results sections in the language of evidence},
	volume = {37},
	year = {2022}}

@book{statrethink,
	address = {New York},
	author = {MacElreath, Richard},
	publisher = {CRC Press},
	title = {Statistical Rethinking},
	volume = {469 pp},
	year = {2016}}

@misc{betangen,
	author = {Betancourt, Michael},
	howpublished = {\url{https://betanalpha.github.io/assets/case_studies/generative_modeling.html}},
	title = {(What's the Probabilistic Story) Modeling Glory?},
	year = {2021}}

@article{colquhoun2017,
	author = {Colquhoun, D.},
	journal = {Royal Society Open Science},
	number = {171085},
	title = {The reproducibility of research and the misinterpretation of p-values},
	volume = {4},
	year = {2017}}

@misc{gelman2020bayesian,
	author = {Andrew Gelman and Aki Vehtari and Daniel Simpson and Charles C. Margossian and Bob Carpenter and Yuling Yao and Lauren Kennedy and Jonah Gabry and Paul-Christian B{\"u}rkner and Martin Modr{\'a}k},
	howpublished = {arXiv},
	title = {Bayesian Workflow},
	year = {2020}}

@article{nuts2014,
	author = {Hoffman, Matthew D. and Gelman, Andrew},
	journal = {Journal of Machine Learning Research},
	month = {APR},
	pages = {1593-1623},
	title = {{The No-U-Turn Sampler: Adaptively Setting Path Lengths in Hamiltonian Monte Carlo}},
	volume = {15},
	year = {2014}}

@article{betan2019,
	author = {Betancourt, Michael},
	journal = {Annalen der physik},
	month = {MAR},
	number = {3, SI},
	title = {{The Convergence of Markov Chain Monte Carlo Methods: From the Metropolis Method to Hamiltonian Monte Carlo}},
	volume = {531},
	year = {2019}}

@article{flynn2022digitaltwin,
	author = {Flynn, Kevin J. and Torres, Ricardo and Irigoien, Xabier and Blackford, Jerry C.},
	journal = {Journal of Plankton Research},
	month = {NOV 23},
	number = {6},
	pages = {805-813},
	title = {Plankton digital twins-a new research tool},
	volume = {44},
	year = {2022}}

@article{kuntz2022,
	author = {Kuntz, David and Wilson, Angela K.},
	journal = {Pure and Applied Chemsitry},
	month = {AUG 26},
	number = {8},
	pages = {1019-1054},
	title = {Machine learning, artificial intelligence, and chemistry: how smart algorithms are reshaping simulation and the laboratory},
	volume = {94},
	year = {2022}}

@incollection{oren2017,
	author = {Oren, Tuncer and Turnitsa, Charles and Mittal, Saurabh and Diallo, Saikou Y.},
	booktitle = {GUIDE TO SIMULATION-BASED DISCIPLINES: ADVANCING OUR COMPUTATIONAL FUTURE},
	editor = {Mittal, S and Durak, U and Oren, T},
	pages = {293-314},
	series = {Simulation Foundations Methods and Applications},
	title = {Simulation-Based Learning and Education},
	type = {Article; Book Chapter},
	year = {2017}}

@article{winter2023,
	author = {Winter, Sonja D. D. and Depaoli, Sarah},
	journal = {Structural Equation Modeling-a multidisciplinary journal},
	month = {2023 JAN 31},
	title = {Illustrating the Value of Prior Predictive Checking for Bayesian Structural Equation Modeling},
	year = {2023}}

@incollection{held2010,
	author = {Held, Leonhard and Schroedle, Birgit and Rue, Havard},
	booktitle = {Statistical Modelling and Regression Structures: Festschrift in Honour of Ludwig Fahrmeir},
	editor = {Kneib, T and Tutz, G},
	pages = {91-110},
	title = {{Posterior and Cross-validatory Predictive Checks: A Comparison of MCMC and INLA}},
	year = {2010}}

@article{gelman200ppc,
	author = {Gelman, A and Goegebeur, Y and Tuerlinckx, F and Van Mechelen, I},
	journal = {Journal of the Royal Statistical Society Series C-Applied Statistics},
	number = {2},
	pages = {247-268},
	title = {Diagnostic checks for discrete data regression models using posterior predictive simulations},
	volume = {49},
	year = {2000}}

@article{reid2019,
	author = {Beaumont, Mark A.},
	journal = {Annual review of statistics and its application},
	pages = {379-403},
	title = {{Approximate Bayesian computation}},
	volume = {6},
	year = {2019}}

@article{trijoulet2018,
	author = {Trijoulet, Vanessa and Holmes, Steven J. and Cook, Robin M.},
	journal = {Canadian Journal of Fisheries and Aquatic Sciences},
	month = {MAY},
	number = {5},
	pages = {723-732},
	title = {{Grey seal predation mortality on three depleted stocks in the West of Scotland: What are the implications for stock assessments?}},
	volume = {75},
	year = {2018}}

@article{muthuku2008,
	author = {Muthukumarana, Saman and Schwarz, Carl J. and Swartz, Tim B.},
	journal = {Canadian Journal of Statistics},
	month = {MAR},
	number = {1},
	pages = {5-21},
	title = {Bayesian analysis of mark-recapture data with travel time-dependent survival probabilities},
	volume = {36},
	year = {2008}}

@article{zheng2007,
	author = {Zheng, Chaozhi and Ovaskainen, Otso and Saastamoinen, Marjo and Hanski, Ilkka},
	journal = {Ecology},
	month = {AUG},
	number = {8},
	pages = {1970-1976},
	title = {{Age-dependent survival analyzed with Bayesian models of mark-recapture data}},
	volume = {88},
	year = {2007}}

@article{millar2000,
	author = {Millar, RB and Meyer, R},
	journal = {Journal of the Royal Statistical Society Series C-Applied Statistics},
	number = {3},
	pages = {327-342},
	title = {{Non-linear state space modelling of fisheries biomass dynamics by using Metropolis-Hastings within-Gibbs sampling}},
	volume = {49},
	year = {2000}}

@article{Hampton2013,
	author = {Hampton, S. E. and Strasser, C. A. and Tewksbury, J. J. and Gram, W. K. and Budden, A. E. and Batcheller, A. L. and Duke, C. S. and Porter, J. H.},
	journal = {Frontiers in Ecology and the Environment},
	number = {3},
	pages = {156-162},
	title = {Big data and the future of ecology},
	volume = {11},
	year = {2013}}

@article{grinsztajn2021,
	author = {Grinsztajn, Leo and Semenova, Elizaveta and Margossian, Charles C. and Riou, Julien},
	journal = {Statistics in Medicine},
	month = {NOV 30},
	number = {27},
	pages = {6209-6234},
	title = {Bayesian workflow for disease transmission modeling in Stan},
	volume = {40},
	year = {2021}}

@article{wesner2021,
	author = {Wesner, Jeff S. and Pomeranz, Justin P. F.},
	journal = {Ecosphere},
	month = {SEP},
	number = {9},
	title = {{Choosing priors in Bayesian ecological models by simulating from the prior predictive distribution}},
	volume = {12},
	year = {2021}}

@article{schad2021,
	author = {Schad, Daniel J. and Betancourt, Michael and Vasishth, Shravan},
	journal = {Psychological Methods},
	month = {FEB},
	number = {1},
	pages = {103-126},
	title = {{Toward a principled Bayesian workflow in cognitive science}},
	volume = {26},
	year = {2021}}

@article{vandeschoot2021,
	author = {van de Schoot, Rens and Depaoli, Sarah and King, Ruth and Kramer, Bianca and Maertens, Kaspar and Tadesse, Mahlet C. and Vannucci, Marina and Gelman, Andrew and Veen, Duco and Willemsen, Joukje and Yau, Christopher},
	journal = {Nature Reviews Methods Primers},
	month = {JAN 14},
	number = {1},
	title = {Bayesian statistics and modelling},
	volume = {1},
	year = {2021}}

@article{banner2020,
	author = {Banner, Katharine M. and Irvine, Kathryn M. and Rodhouse, Thomas J.},
	journal = {Methods in Ecology and Evolution},
	month = {AUG},
	number = {8},
	pages = {882-889},
	title = {{The use of Bayesian priors in Ecology: The good, the bad and the not great}},
	volume = {11},
	year = {2020}}

@article{lemoine2019,
	author = {Lemoine, Nathan P.},
	journal = {Oikos},
	month = {JUL},
	number = {7},
	pages = {912-928},
	title = {Moving beyond noninformative priors: why and how to choose weakly informative priors in Bayesian analyses},
	volume = {128},
	year = {2019}}

@article{gabryvis,
	author = {Gabry, Jonah and Simpson, Daniel and Vehtari, Aki and Betancourt, Michael and Gelman, Andrew},
	journal = {Journal of the Royal Statistical Society Series a-Statistics in Society},
	month = {FEB},
	number = {2},
	pages = {389-402},
	title = {Visualization in Bayesian workflow},
	volume = {182},
	year = {2019}}

@article{conn2018,
	author = {Conn, Paul B. and Johnson, Devin S. and Williams, Perry J. and Melin, Sharon R. and Hooten, Mevin B.},
	journal = {Ecological Monographs},
	month = {NOV},
	number = {4},
	pages = {526-542},
	title = {{A guide to Bayesian model checking for ecologists}},
	volume = {88},
	year = {2018}}

@misc{betanprior,
	author = {Betancourt, Michael},
	howpublished = {\ur{https://betanalpha.github.io/assets/case_studies/prior_modeling.htmll}},
	title = {Prior Modeling},
	year = {2021}}

@article{Ellison:2004ou,
	author = {Ellison, A. M.},
	journal = {Ecology Letters},
	number = {6},
	pages = {509-520},
	title = {Bayesian inference in ecology},
	volume = {7},
	year = {2004}}

@article{Brooks:2003hj,
	author = {Brooks, S.P.},
	journal = {Philosophical transactions - Royal Society. Mathematical, Physical and engineering sciences},
	pages = {2681 -2697},
	title = {Bayesian computation: a statistical revolution},
	volume = {361},
	year = {2003}}

@misc{betanworkflow,
	author = {Betancourt, Michael},
	howpublished = {\url{https://betanalpha.github.io/assets/case_studies/principled_bayesian_workflow.html}},
	title = {{Towards A Principled Bayesian Workflow}},
	year = {2020}}

@article{halsey2015,
	author = {Halsey, Lewis G. and Curran-Everett, Douglas and Vowler, Sarah L. and Drummond, Gordon B.},
	journal = {Nature Methods},
	number = {3},
	pages = {179-185},
	title = {The fickle P value generates irreproducible results},
	volume = {12},
	year = {2015}}

@article{Hoenig2001,
	author = {Hoenig, J. M. and Heisey, D. M.},
	journal = {American Statistician},
	number = {1},
	pages = {19-24},
	title = {The abuse of power: The pervasive fallacy of power calculations for data analysis},
	volume = {55},
	year = {2001}}

@book{gelmanhill,
	address = {New York},
	author = {Gelman, A. and Hill, J.},
	publisher = {Cambridge},
	title = {Data Analysis Using Regression and Multilevel/Hierarchical Models},
	year = {2009}}

@book{BDA,
	address = {New York},
	author = {Gelman, A. and Carlin, J. B. and Stern, H. S. and Dunson, D. B. and Vehtari, A. and Rubin, D. B.},
	edition = {3rd},
	publisher = {CRC Press},
	title = {Bayesian Data Analysis},
	year = {2014}}

@article{gelmanbinning,
	author = {Gelman, Andrew and Auerbach, Jonathan},
	journal = {Proceedings of the National Academy of Sciences},
	number = {7},
	pages = {E816-E817},
	title = {Age-aggregation bias in mortality trends},
	volume = {113},
	year = {2016}}

@article{Schofield2016,
	author = {Schofield, Matthew R. and Barker, Richard J. and Gelman, Andrew and Cook, Edward R. and Briffa, Keith R.},
	journal = {Journal of the American Statistical Association},
	month = {MAR},
	number = {513},
	pages = {93-106},
	title = {A Model-Based Approach to Climate Reconstruction Using Tree-Ring Data},
	volume = {111},
	year = {2016}}

@article{loken2017,
	author = {Loken, Eric and Gelman, Andrew},
	journal = {Science},
	number = {6325},
	pages = {584-585},
	title = {Measurement error and the replication crisis},
	volume = {355},
	year = {2017}}

@article{Carpenter:2017stan,
	author = {Carpenter, Bob and Gelman, Andrew and Hoffman, Matt and Lee, Daniel and Goodrich, Ben and Betancourt, Michael and Brubaker, Michael A. and Guo, Jiqiang and Li, Peter and Riddell Allen},
	journal = {Journal of Statistical Software},
	number = {1},
	pages = {10.18637/jss.v076.i01},
	title = {Stan: A probabilistic programming language},
	volume = {76},
	year = {2017}}

@article{kharouba2018,
	author = {Kharouba, Heather M. and Ehrlen, Johan and Gelman, Andrew and Bolmgren, Kjell and Allen, Jenica M. and Travers, Steve E. and Wolkovich, Elizabeth M.},
	journal = {Proceedings of the National Academy of Sciences of the United States of America},
	number = {20},
	pages = {5211-5216},
	title = {Global shifts in the phenological synchrony of species interactions over recent decades},
	volume = {115},
	year = {2018}}

@book{regotherstories,
	author = {Gelman, A. and Hill, J.},
	publisher = {Cambridge University Press},
	title = {Regression and Other Stories},
	year = {2020}}

@article{decsens,
	author = {Wolkovich, E. M. and Auerbach, J. and Chamberlain, C. J. and Buonaiuto, D. M. and Ettinger, A. K. and Morales-Castilla, I. and Gelman, A.},
	journal = {Global Change Biology},
	title = {A simple explanation for declining temperature sensitivity with warming}}
